<record><leader>00000cas a22000007a 4500</leader><controlfield tag="001">13641218</controlfield><controlfield tag="008">860523c19829999wiuwr ne      0    0eng d</controlfield><datafield ind1=" " ind2=" " tag="010"><subfield code="a">sn 86086227 </subfield></datafield><datafield ind1=" " ind2=" " tag="040"><subfield code="a">NPV</subfield><subfield code="b">eng</subfield><subfield code="c">NPV</subfield><subfield code="d">OCLCQ</subfield></datafield><datafield ind1=" " ind2=" " tag="042"><subfield code="a">msc</subfield></datafield><datafield ind1=" " ind2=" " tag="045"><subfield code="a">x8--</subfield></datafield><datafield ind1=" " ind2=" " tag="052"><subfield code="a">4123</subfield><subfield code="b">V4</subfield></datafield><datafield ind1="0" ind2="0" tag="245"><subfield code="a">Epitaph-news.</subfield></datafield><datafield ind1=" " ind2=" " tag="260"><subfield code="a">La Farge, Wis. :</subfield><subfield code="b">T. Taylor,</subfield><subfield code="c">1982-</subfield></datafield><datafield ind1=" " ind2=" " tag="300"><subfield code="a">v. :</subfield><subfield code="b">ill.</subfield></datafield><datafield ind1=" " ind2=" " tag="310"><subfield code="a">Weekly</subfield></datafield><datafield ind1="0" ind2=" " tag="362"><subfield code="a">July 1, 1982-July 8, 1982; vol. 1, no. 3 (July 15, 1982)-</subfield></datafield><datafield ind1=" " ind2=" " tag="500"><subfield code="a">Publisher varies.</subfield></datafield><datafield ind1=" " ind2=" " tag="500"><subfield code="a">"Serving the Kickapoo Valley from offices in Viola and La Farge, Wisconsin."</subfield></datafield><datafield ind1=" " ind2=" " tag="530"><subfield code="a">Available on microfilm from The State Historical Society of Wisconsin.</subfield></datafield><datafield ind1=" " ind2=" " tag="752"><subfield code="a">United States</subfield><subfield code="b">Wisconsin</subfield><subfield code="c">Vernon</subfield><subfield code="d">La Farge.</subfield></datafield><datafield ind1=" " ind2=" " tag="752"><subfield code="a">United States</subfield><subfield code="b">Wisconsin</subfield><subfield code="c">Vernon</subfield><subfield code="d">Viola.</subfield></datafield><datafield ind1=" " ind2=" " tag="752"><subfield code="a">United States</subfield><subfield code="b">Wisconsin</subfield><subfield code="c">Richland</subfield><subfield code="d">Viola.</subfield></datafield><datafield ind1="0" ind2="4" tag="780"><subfield code="t">Farge epitaph (La Farge, Wis. : 1982)</subfield><subfield code="w">(DLC)sn 86086226</subfield></datafield><datafield ind1="0" ind2="4" tag="780"><subfield code="t">Viola news (Viola, Wis. : 1914)</subfield><subfield code="w">(DLC)sn 85040431</subfield></datafield></record>